<record><leader>00000cas a22000007a 4500</leader><controlfield tag="001">37603617</controlfield><controlfield tag="008">970911d19841987tnuwr ne      0    0eng d</controlfield><datafield ind1=" " ind2=" " tag="010"><subfield code="a">sn 97065422 </subfield></datafield><datafield ind1=" " ind2=" " tag="040"><subfield code="a">TGN</subfield><subfield code="b">eng</subfield><subfield code="c">TGN</subfield><subfield code="d">OCLCQ</subfield><subfield code="d">OCLCO</subfield></datafield><datafield ind1="1" ind2=" " tag="029"><subfield code="a">AU@</subfield><subfield code="b">000013497196</subfield></datafield><datafield ind1=" " ind2=" " tag="042"><subfield code="a">msc</subfield></datafield><datafield ind1=" " ind2=" " tag="043"><subfield code="a">n-us-tn</subfield></datafield><datafield ind1="0" ind2="4" tag="245"><subfield code="a">The mini democrat.</subfield></datafield><datafield ind1="1" ind2="7" tag="246"><subfield code="a">Mini edition of the observer</subfield></datafield><datafield ind1="1" ind2="7" tag="246"><subfield code="a">Mini edition of the democrat</subfield></datafield><datafield ind1="3" ind2="0" tag="246"><subfield code="a">Democrat</subfield></datafield><datafield ind1=" " ind2=" " tag="260"><subfield code="a">Madisonville, Tenn. :</subfield><subfield code="b">Monroe County Pub. Co.,</subfield><subfield code="c">1984-1987.</subfield></datafield><datafield ind1=" " ind2=" " tag="300"><subfield code="a">v.</subfield></datafield><datafield ind1=" " ind2=" " tag="310"><subfield code="a">Weekly</subfield></datafield><datafield ind1="0" ind2=" " tag="362"><subfield code="a">Vol. 7, no. 20 (Feb. 10, 1984)-v. 10, no. 45 (July 31, 1987).</subfield></datafield><datafield ind1=" " ind2=" " tag="500"><subfield code="a">Editor: Dan Hicks, Jr., 1984-1987.</subfield></datafield><datafield ind1=" " ind2=" " tag="515"><subfield code="a">Mini democrat, Vol. 10, no. 45 (July 31, 1987) = Tellico Laker v. 1, no. 1.</subfield></datafield><datafield ind1=" " ind2="0" tag="651"><subfield code="a">Madisonville (Tenn.)</subfield><subfield code="v">Newspapers.</subfield></datafield><datafield ind1=" " ind2="0" tag="651"><subfield code="a">Monroe County (Tenn.)</subfield><subfield code="x">Newspaper.</subfield></datafield><datafield ind1=" " ind2=" " tag="752"><subfield code="a">United States</subfield><subfield code="b">Tennessee</subfield><subfield code="c">Monroe</subfield><subfield code="d">Madisonville.</subfield></datafield><datafield ind1="0" ind2=" " tag="775"><subfield code="t">Democrat observer</subfield><subfield code="g">Feb. 10, 1984-Aug. 7, 1984</subfield><subfield code="w">(DLC)sn 84007671</subfield></datafield><datafield ind1="0" ind2=" " tag="775"><subfield code="t">Democrat (Madisonville, Tenn.)</subfield><subfield code="g">Aug. 14, 1984-July 31, 1987</subfield><subfield code="w">(DLC)sn 97065418</subfield></datafield><datafield ind1="0" ind2="0" tag="780"><subfield code="t">Mini (Madisonville, Tenn.)</subfield><subfield code="w">(DLC)sn 97065423</subfield></datafield><datafield ind1="0" ind2="0" tag="785"><subfield code="t">Tellico Laker</subfield><subfield code="w">(DLC)sn 97065421</subfield></datafield></record>